@article{smith2023,
  author  = {Smith, John and Johnson, Emily},
  title   = {Recent Advances in Artificial Intelligence},
  journal = {Journal of AI Research},
  volume  = {45},
  number  = {3},
  pages   = {112--128},
  year    = {2023},
}

@inproceedings{williams2022,
  author    = {Williams, Robert and Brown, Sarah},
  title     = {Machine Learning Applications in Natural Language Processing},
  booktitle = {Proceedings of the International Conference on Machine Learning},
  pages     = {2145--2152},
  year      = {2022},
}

@book{davis2021,
  author    = {Davis, Michael and Wilson, Lisa},
  title     = {Neural Networks and Deep Learning: A Comprehensive Guide},
  publisher = {Tech Press},
  address   = {New York},
  year      = {2021},
}

@techreport{jones2024,
  author      = {Jones, Andrew and Martin, Rebecca},
  title       = {Internet of Things: Security Challenges and Solutions},
  institution = {Institute of Technology},
  year        = {2024},
}