@article{Einstein1916,
  title = {Die Grundlage der allgemeinen Relativit\"{a}tstheorie},
  volume = {354},
  ISSN = {1521-3889},
  url = {http://dx.doi.org/10.1002/andp.19163540702},
  DOI = {10.1002/andp.19163540702},
  number = {7},
  journal = {Annalen der Physik},
  publisher = {Wiley},
  author = {Einstein,  A.},
  year = {1916},
  month = jan,
  pages = {769â€“822}
}